%
% sample bib
%
%
@Misc{algorism,
  title        = "{codereading.com}",
  howpublished = "\url{https://www.codereading.com/algo_and_ds/algo/quick_sort.html}"
}

@Misc{quicksort,
  title        = "{kagoshima-u.ac.jp}",
  howpublished = "\url{http://www.ics.kagoshima-u.ac.jp/~fuchida/edu/algorithm/sort-algorithm/quick-sort.html}"
}
 
\begin{thebibliography}{9}
  \bibitem{url1} \url{https://www.codereading.com/algo_and_ds/algo/quick_sort.html}
  \bibitem{url2} \url{http://www.ics.kagoshima-u.ac.jp/~fuchida/edu/algorithm/sort-algorithm/quick-sort.html}
\end{thebibliography}
}
